<?xml version="1.0" encoding="UTF-8"?><collection><record><leader>06480ntm a2200541 a 4500</leader><controlfield tag="001">006806208</controlfield><controlfield tag="003">MiAaHDL</controlfield><controlfield tag="005">20190719000000.0</controlfield><controlfield tag="006">m        d        </controlfield><controlfield tag="007">cr bn ---auaua</controlfield><controlfield tag="008">090602m158u16uuxx            00| ||ara d</controlfield><datafield tag="035" ind1=" " ind2=" "><subfield code="a">(MiU)006806208</subfield></datafield><datafield tag="035" ind1=" " ind2=" "><subfield code="a">sdr-miu006806208</subfield></datafield><datafield tag="040" ind1=" " ind2=" "><subfield code="a">MiU</subfield><subfield code="c">MiU</subfield><subfield code="e">amremm</subfield></datafield><datafield tag="043" ind1=" " ind2=" "><subfield code="a">n-us-mi</subfield></datafield><datafield tag="100" ind1="1" ind2=" "><subfield code="6">880-01</subfield><subfield code="a">Shaykhʹzādah, Muḥammad ibn Muṣṭafá,</subfield><subfield code="d">-1544 or 1545.</subfield></datafield><datafield tag="240" ind1="1" ind2="0"><subfield code="6">880-02</subfield><subfield code="a">Ḥāshiyat Shaykhʻzādah ʻalá al-Bayḍāwī.</subfield><subfield code="n">Jild 6</subfield></datafield><datafield tag="245" ind1="1" ind2="3"><subfield code="6">880-03</subfield><subfield code="a">[al-Jild al-sādis min Ḥāshiyat Shaykhʻzādah ʻalá al-Bayḍāwī,</subfield><subfield code="f">late 16th and 17th century?].</subfield></datafield><datafield tag="246" ind1="3" ind2=" "><subfield code="i">Edge title (tail):</subfield><subfield code="a">الجلد السادس من شيخ زاده</subfield></datafield><datafield tag="260" ind1=" " ind2=" "><subfield code="c">[1580-1599 and 16--?].</subfield></datafield><datafield tag="300" ind1=" " ind2=" "><subfield code="a">538 leaves :</subfield><subfield code="b">paper ;</subfield><subfield code="c">207 x 165 (163 x 101) mm.</subfield></datafield><datafield tag="500" ind1=" " ind2=" "><subfield code="a">Shelfmark: Ann Arbor, University of Michigan, Special Collections Library, Isl. Ms. 463 v.6</subfield></datafield><datafield tag="500" ind1=" " ind2=" "><subfield code="a">Origin: Lacks dated colophon ; paper, etc. suggest late 16th and 17th century.</subfield></datafield><datafield tag="500" ind1=" " ind2=" "><subfield code="a">Former shelfmark: From inner front cover and label on fore edge flap, "IL 91 VI" (likely supplied by Yahuda, see acquisitions slip in Isl. Ms. 463 v.2).</subfield></datafield><datafield tag="500" ind1=" " ind2=" "><subfield code="a">Binding: Pasteboards now covered in green-blue paper-backed cloth over dark brown leather with tan leather over spine and fore edge flap ; Type II binding (with flap) ; traces of stamped mandorlas on upper and lower covers (now covered by cloth) ; board linings in dull yellow paper ; sewn in dark pink thread, two stations, sewing in final quires gone ; worked chevron endbands in cream and dull pink, fairly good condition ; ill-fitting with flap too small ; overall in poor condition with lifting and losses of cloth, abrasion, staining, etc. ; housed in box for protection.</subfield></datafield><datafield tag="500" ind1=" " ind2=" "><subfield code="a">Support: European laid paper of four main types ; opening type (also appearing elsewhere in codex) with 9 laid lines per cm. (vertical), chain lines spaced 27-28 mm. apart (horizontal), and anchor in circle with star above watermark (see p.16, 17, etc.), sturdy though crisp, well-burnished to glossy ; next type (second quire and elsewhere) with 10 laid lines per cm. (vertical), chain lines spaced 26 mm. apart (horizontal), and angel in circle with leaf above watermark (see p.38, 39, etc.) ; next type (pp.253-294) with 9 laid lines per cm. (vertical), chain lines spaced 27 mm. apart (horizontal), and crown-star-crescent watermark (see p.262, 263, etc.) ; still another type (from p.601) with 12-13 laid lines per cm. (vertical), chain lines spaced 14-32 mm. apart (horizontal), and three circles watermark, quite thin and transluscent, very well-burnished to glossy.</subfield></datafield><datafield tag="500" ind1=" " ind2=" "><subfield code="a">Decoration: Some keywords rubricated or accent with red ink ; written area surrounded by red rule-border.</subfield></datafield><datafield tag="500" ind1=" " ind2=" "><subfield code="a">Script: Naskh and naskh-nastaʻlīq (talik) ; at least four clear Turkish hands ; opening and main hand (appearing multiple places throughout codex), a serifless naskh, rounded with inclination to the left, some elongation of horizontal strokes (occasionally more exaggerated), pointing in strokes rather than distinct dots, point of final nūn sitting above or assimilated with bowl, extensively vocalized ; next hand (from p.29 and elsewhere) a naskh showing influence of nastaʻlīq, serifless with long, fluid ascenders, marked effect of words descending to baseline and of inclination to the left, some elongation of 'horizontal' strokes and sharp, flat descenders (mainly rāʼ, wāw, dhāl, etc.), free assimilation of letters, pointing in strokes rather than distinct dots ; from pp.253-294 still another naskh approaching nastaʻlīq (talik), partially seriffed with inclination to the right, elongation of horizontal strokes, pointing in strokes rather than distinct dots, point of final nūn set above or assimilated with bowl ; from p.601 still another naskh approaching nastaʻlīq (talik), bold, compact and serifless with inclination to the right, elongation of horizontal strokes, quite rounded with free assimilation of letters, pointing in strokes rather than distinct dots ; incipit page (p.6) in a different hand.</subfield></datafield><datafield tag="500" ind1=" " ind2=" "><subfield code="a">Layout: Written in 23 lines per page ; frame-ruled.</subfield></datafield><datafield tag="500" ind1=" " ind2=" "><subfield code="a">Collation: ii, V+2 (12), 4 V(52), V+1 (63), 5 V(113), 2 V+1(135), V (145), V-1 (154), 14 V(294), 4 (298), 24 (538), iii ; chiefly quinions ; two quires (pp.911-950) numbered ; catchwords present ; pagination in pencil, Western numerals, supplied during digitization (includes flyleaves and mistakenly skips from p.769 to p.780, thereafter off by ten pages).</subfield></datafield><datafield tag="500" ind1=" " ind2=" "><subfield code="a">Explicit: "قوله تمنون عليكم ان اسملوا او الباقون بالحطاب نظرا الى قوله قل لا تمنوا على اسلامكم ويتلوه سورة القاف"</subfield></datafield><datafield tag="500" ind1=" " ind2=" "><subfield code="a">Incipit: "سورة طه مكية وهي مائة واربع وثلثون اية قوله لاستعلائه ..."</subfield></datafield><datafield tag="500" ind1=" " ind2=" "><subfield code="a">Title supplied by cataloguer.</subfield></datafield><datafield tag="500" ind1=" " ind2=" "><subfield code="a">Ms. composite codex.</subfield></datafield><datafield tag="510" ind1="4" ind2=" "><subfield code="a">Ḥājjī Khalīfah. Kashf al-ẓunūn,</subfield><subfield code="c">I 473-4</subfield></datafield><datafield tag="510" ind1="4" ind2=" "><subfield code="a">Brockelmann, C. GAL</subfield><subfield code="c">I 417 ; S I 739 ; S II 650</subfield></datafield><datafield tag="520" ind1="8" ind2=" "><subfield code="a">Careful copy of the sixth of seven volumes (v.1 and v.4 now lacking) of the commentary by Shaykhʻzādah Muḥammad ibn Muṣṭafá al-Qūjawī (d.1544 or 5) upon al-Bayḍāwī's commentary on the Qurʼān, Anwār al-tanzīl wa-asrār al-taʼwīl, covering Sūrat Ṭāhā (20) through Sūrat al-Ḥujurāt (49).</subfield></datafield><datafield tag="538" ind1=" " ind2=" "><subfield code="a">Mode of access: Internet.</subfield></datafield><datafield tag="541" ind1=" " ind2=" "><subfield code="a">Acquired in 1926 from the bookseller Isaac Benjamin S.E. Yahuda via purchase transacted on his behalf by Abraham Shalom Yahuda (1877-1951), his younger brother.</subfield></datafield><datafield tag="546" ind1=" " ind2=" "><subfield code="a">Arabic.</subfield></datafield><datafield tag="561" ind1=" " ind2=" "><subfield code="a">Glosses and marginal corrections ; occasional notabilia and collation marks.</subfield></datafield><datafield tag="600" ind1="1" ind2="0"><subfield code="a">Bayḍāwī, ʻAbd Allāh ibn ʻUmar,</subfield><subfield code="d">-1286?</subfield><subfield code="t">Anwār al-tanzīl wa-asrār al-taʼwīl.</subfield></datafield><datafield tag="630" ind1="0" ind2="0"><subfield code="a">Qurʼan</subfield><subfield code="x">Commentaries</subfield><subfield code="v">Early works to 1800.</subfield></datafield><datafield tag="650" ind1=" " ind2="0"><subfield code="a">Manuscripts, Arabic</subfield><subfield code="z">Michigan</subfield><subfield code="z">Ann Arbor.</subfield></datafield><datafield tag="773" ind1="0" ind2=" "><subfield code="a">Yahuda Collection.</subfield></datafield><datafield tag="880" ind1="1" ind2="2"><subfield code="6">245-03/</subfield><subfield code="a">[الجلد السادس من حاشية شيخ زاده على البيضاوي,</subfield><subfield code="f">اواخر القرن 16م والقرن 17م؟].</subfield></datafield><datafield tag="880" ind1="1" ind2="0"><subfield code="6">240-02/</subfield><subfield code="a">حاشية شيخ زاده على البيضاوي.</subfield><subfield code="n">جلد 6</subfield></datafield><datafield tag="880" ind1="1" ind2=" "><subfield code="6">100-01/</subfield><subfield code="a">شيخ زاده، محمد بن مصطفى القوجوي.</subfield></datafield><datafield tag="CID" ind1=" " ind2=" "><subfield code="a">006806208</subfield></datafield><datafield tag="DAT" ind1="0" ind2=" "><subfield code="a">20190719102637.0</subfield><subfield code="b">20190719000000.0</subfield></datafield><datafield tag="DAT" ind1="1" ind2=" "><subfield code="a">20190719090653.0</subfield><subfield code="b">2019-07-19T16:11:37Z</subfield></datafield><datafield tag="DAT" ind1="2" ind2=" "><subfield code="a">2015-10-02T18:00:03Z</subfield></datafield><datafield tag="CAT" ind1=" " ind2=" "><subfield code="a">SDR-MIU</subfield><subfield code="d">EX LIBRIS - ALEPH</subfield><subfield code="l">prepare.pl-004-008</subfield></datafield><datafield tag="FMT" ind1=" " ind2=" "><subfield code="a">BK</subfield></datafield><datafield tag="HOL" ind1=" " ind2=" "><subfield code="0">sdr-miu006806208</subfield><subfield code="a">MiU</subfield><subfield code="b">SDR</subfield><subfield code="c">MIU</subfield><subfield code="p">mdp.39015079127687</subfield><subfield code="s">MIU</subfield><subfield code="1">006806208</subfield></datafield><datafield tag="974" ind1=" " ind2=" "><subfield code="b">MIU</subfield><subfield code="c">MIU</subfield><subfield code="d">20190719</subfield><subfield code="s">lit-dlps-dc</subfield><subfield code="u">mdp.39015079127687</subfield><subfield code="y">1699</subfield><subfield code="r">pd</subfield><subfield code="q">bib</subfield><subfield code="t">non-US bib date2, date type m &lt; 1896</subfield></datafield></record></collection>